% This file was created with JabRef 2.3.1.
% Encoding: Cp1252

@MISC{ScrumFramework,
  author = {Scrum},
  title = {Scrum Framework},
  year = {2018},
  timestamp = {2018.04.09},
  url = {https://www.scrum.org/resources/what-is-scrum},
  urlaccessdate = {9 de abril de 2018}
}

@MISC{Saga,
	author = {Saga},
	title = {O mercado que mais cresce no mundo},
	year = {2018},
	timestamp = {2018.04.09},
	url = {https://saga.art.br/desenvolvimento-de-jogos-o-mercado-que-mais-cresce-no-mundo/},
	urlaccessdate = {9 de abril de 2018}
}